=LDR  01881cas a22005177a 4500
=001  019426505
=003  Uk
=005  20230904143806.0
=006  m\\\\\\\\d\|||||||
=007  cr\|||||||||||
=008  170803c\\\\9999\\\\\\\\\\\\\\0\\\a0eng\\
=FMT  \\$a  SE
=022  \\$a1875-8606
=040  \\$aUk$beng$cUk
=222  \0$aCellular oncology$b(Online)
=245  00$aCellular oncology.
=264  \1$aHeidelberg :$bSpringer
=336  \\$atext$2rdacontent
=337  \\$acomputer$2rdamedia
=338  \\$aonline resource$2rdacarrier
=540  \\$aCurrent copyright fee: GBP34.95$c22\1$5Uk
=856  \\$31850-9999$uhttp://link.springer.com/$xBLDSS
=859  \\$aXLD$bejournal
=945  \\$aCellular oncology
=959  \\$fHeld but not currently received
=979  \\$aBritish Library$bDSC$j3097.933450
=985  \\$a3rd party access title for Remote supply please retain as base record when merging/deleting
=CAT  \\$a5552$b40$c20190604$lBLL01$h1104
=CAT  \\$aBATCH-UPD$b40$c20190604$lBLL01$h2334
=CAT  \\$aBLDSS-3PM$b00$c20190613$lBLL01$h0847
=CAT  \\$aBATCH-UPD$b00$c20190613$lBLL01$h0848
=CAT  \\$aW1908-0780$b00$c20200730$lBLL01$h1333
=CAT  \\$a12654$b40$c20210923$lBLL01$h1200
=CAT  \\$aIPL-CLA$c20210930$lBLL01$h1659
=CAT  \\$aCDS21$c20220118$lBLL01$h1106
=CAT  \\$aBATCH-UPD$b00$c20221121$lBLL01$h1413
=CAT  \\$aIPL-CLA$c20221231$lBLL01$h2348
=CAT  \\$a15190$b40$c20230904$lBLL01$h1431
=CAT  \\$a15190$b40$c20230904$lBLL01$h1438
=CFI  0\$aCurrent copyright fee: GBP34.95$c22\1$e01-jan-2023$fGBP34.95$g0$hP$5Uk
=CFI  2\$aPrevious copyright fee: GBP43.00$c22\1$e01-oct-2021$fGBP43.00$g0$hP$5Uk
=FFP  \\$aY$bBLDSS-3PM
=MNI  \\$a1570-5870
=UNO  \\$aY
=ACF  \\$aPrevious copyright fee: GBP34.00$c22\1$e04-jun-2019$fGBP34.00$g0$hP$5Uk
=LAS  \\$a15190$b40$c20230904$lBLL01$h1438

