=LDR  01605cas a22004817i 4500
=001  019749932
=003  Uk
=005  20221231145511.0
=006  m\\\\\\\\d\|\\\\\\
=007  cr\|||||||||||
=008  191112c\\\\9999\\\\\\\\o\\\\\0\\\a0eng\\
=FMT  \\$a  SE
=022  \\$a2662-1983
=040  \\$aUk$beng$cUk$erda
=082  04$a005.8$221
=245  00$aDigital war.
=264  31$a[Basingstoke, Hampshire] :$bSpringer Nature$c2020-
=336  \\$atext$2rdacontent
=337  \\$acomputer$2rdamedia
=338  \\$aonline resource$2rdacarrier
=540  \\$aCurrent copyright fee: GBP29.95$c22\1$5Uk
=856  \\$31850-9999$uhttp://link.springer.com/$xBLDSS
=859  \\$aXLD$bejournal
=945  \\$aDigital war
=959  \\$fHeld but not currently received
=979  \\$aBritish Library$bDSC$j9838.213117N
=CAT  \\$a5552$b40$c20200316$lBLL01$h1341
=CAT  \\$aBATCH-UNOA$c20200318$lBLL01$h0005
=CAT  \\$aBLDSS-3PM$b00$c20200327$lBLL01$h1323
=CAT  \\$aBATCH-UPD$b00$c20200327$lBLL01$h1328
=CAT  \\$a5410$b40$c20200703$lBLL01$h1057
=CAT  \\$a5552$b40$c20200728$lBLL01$h1223
=CAT  \\$a5410$b40$c20200811$lBLL01$h0040
=CAT  \\$aCDS21$c20220118$lBLL01$h1106
=CAT  \\$aBATCH-UPD$b00$c20221121$lBLL01$h1407
=CAT  \\$aIPL-CLA$c20221231$lBLL01$h1455
=CFI  0\$aCurrent copyright fee: GBP29.95$c22\1$e01-jan-2023$fGBP29.95$g0$hP$5Uk
=CFI  2\$aPrevious copyright fee: GBP34.00$c22\1$e16-mar-2020$fGBP34.00$g0$hP$5Uk
=FFP  \\$aY$bBLDSS-3PM
=MNI  \\$a2662-1975
=TOC  \\$aETOC
=UNO  \\$aY
=LAS  \\$aIPL-CLA$b00$c20221231$lBLL01$h1455

