=LDR  01792cas a22004577a 4500
=001  019426494
=003  Uk
=005  20221231234818.0
=006  m\\\\\\\\d\|||||||
=007  cr\|||||||||||
=008  170803c\\\\9999\\\\\\\\\\\\\\0\\\a0eng\\
=FMT  \\$a  SE
=022  \\$a2365-9521
=040  \\$aUk$beng$cUk
=222  \0$aDeutsche Vierteljahrsschrift für Literaturwissenschaft und Geistesgeschichte$b(Internet)
=245  00$aDeutsche Vierteljahrsschrift für Literaturwissenschaft und Geistesgeschichte.
=264  \1$aHeidelberg :$bSpringer$c201u-
=336  \\$atext$2rdacontent
=337  \\$acomputer$2rdamedia
=338  \\$aonline resource$2rdacarrier
=540  \\$aCurrent copyright fee: GBP29.95$c22\1$5Uk
=856  \\$31850-9999$uhttp://link.springer.com/$xBLDSS
=859  \\$aXLD$bejournal
=945  \\$aDEUTSCHE VIERTELJAHRSSCHRIFT FUR LITERATURWISSENSCHAFT UND GEISTESGESCHICHTE.
=959  \\$fHeld but not currently received
=979  \\$aBritish Library$bDSC$j3575.360000
=985  \\$a3rd party access title for Remote supply please retain as base record when merging/deleting
=CAT  \\$a5552$b40$c20190604$lBLL01$h1052
=CAT  \\$aBATCH-UPD$b40$c20190604$lBLL01$h2334
=CAT  \\$aBLDSS-3PM$b00$c20190613$lBLL01$h0847
=CAT  \\$aBATCH-UPD$b00$c20190613$lBLL01$h0848
=CAT  \\$aW1908-0780$b00$c20200730$lBLL01$h1333
=CAT  \\$aCDS21$c20220118$lBLL01$h1106
=CAT  \\$aBATCH-UPD$b00$c20221121$lBLL01$h1407
=CAT  \\$aIPL-CLA$c20221231$lBLL01$h2348
=CFI  0\$aCurrent copyright fee: GBP29.95$c22\1$e01-jan-2023$fGBP29.95$g0$hP$5Uk
=CFI  2\$aPrevious copyright fee: GBP34.00$c22\1$e04-jun-2019$fGBP34.00$g0$hP$5Uk
=FFP  \\$aY$bBLDSS-3PM
=MNI  \\$a0012-0936
=UNO  \\$aY
=LAS  \\$aIPL-CLA$b00$c20221231$lBLL01$h2348

