=LDR  01733cas a22004697a 4500
=001  019426498
=003  Uk
=005  20221231145500.0
=006  m\\\\\\\\d\|||||||
=007  cr\|||||||||||
=008  170803c\\\\9999\\\\\\\\\\\\\\0\\\a0eng\\
=FMT  \\$a  SE
=022  \\$a2198-2600
=040  \\$aUk$beng$cUk
=222  \0$aFudan journal of the humanities and social sciences$b(Internet)
=245  00$aFudan journal of the humanities and social sciences.
=264  \1$aHeidelberg :$bSpringer$c2014
=336  \\$atext$2rdacontent
=337  \\$acomputer$2rdamedia
=338  \\$aonline resource$2rdacarrier
=540  \\$aCurrent copyright fee: GBP29.95$c22\1$5Uk
=856  \\$31850-9999$uhttp://link.springer.com/$xBLDSS
=859  \\$aXLD$bejournal
=945  \\$aFudan Journal of the Humanities and Social Sciences
=959  \\$fHeld but not currently received
=979  \\$aBritish Library$bDSC$j4047.933000N
=985  \\$a3rd party access title for Remote supply please retain as base record when merging/deleting
=CAT  \\$a5552$b40$c20190604$lBLL01$h1059
=CAT  \\$aBATCH-UPD$b40$c20190604$lBLL01$h2334
=CAT  \\$aBLDSS-3PM$b00$c20190613$lBLL01$h0847
=CAT  \\$aBATCH-UPD$b00$c20190613$lBLL01$h0848
=CAT  \\$aW1908-0780$b00$c20200730$lBLL01$h1333
=CAT  \\$aCDS21$c20220118$lBLL01$h1106
=CAT  \\$aBATCH-UPD$b00$c20221121$lBLL01$h1407
=CAT  \\$aIPL-CLA$c20221231$lBLL01$h1455
=CFI  0\$aCurrent copyright fee: GBP29.95$c22\1$e01-jan-2023$fGBP29.95$g0$hP$5Uk
=CFI  2\$aPrevious copyright fee: GBP34.00$c22\1$e04-jun-2019$fGBP34.00$g0$hP$5Uk
=FFP  \\$aY$bBLDSS-3PM
=MNI  \\$a1674-0750
=TOC  \\$aETOC
=UNO  \\$aY
=LAS  \\$aIPL-CLA$b00$c20221231$lBLL01$h1455

