=LDR  02273cas a22005897a 4500
=001  017799730
=003  Uk
=005  20221231145411.0
=007  ta
=008  160407c\\\\9999\\\\\\\\\\\\\\0\\\a0eng\\
=FMT  \\$a  SE
=022  \\$a2212-1358
=040  \\$aUk$beng$cUk
=245  00$aSpine deformity.
=264  \1$aAmsterdam :$bElsevier
=336  \\$atext$2rdacontent
=337  \\$acomputer$2rdamedia
=338  \\$aonline resource$2rdacarrier
=540  \\$aCurrent copyright fee: GBP34.95$c22\1$5Uk
=856  \\$31850-9999$uhttp://www.sciencedirect.com/$xBLDSS
=859  \\$aXLD$bejournal
=945  \\$aSpine deformity.
=959  \\$fHeld but not currently received
=979  \\$aBritish Library$bDSC$j8413.903450N
=985  \\$a3rd party access title for Remote supply please retain as base record when merging/deleting
=CAT  \\$a5552$b40$c20160407$lBLL01$h1326
=CAT  \\$aBATCH-UPD$b40$c20160413$lBLL01$h1830
=CAT  \\$aBLDSS-3PM$b00$c20160418$lBLL01$h1327
=CAT  \\$a5552$b40$c20161202$lBLL01$h1218
=CAT  \\$aBATCH-UPD$b40$c20171121$lBLL01$h1756
=CAT  \\$aIPL-CLA$c20171231$lBLL01$h1832
=CAT  \\$aBATCH-UPD$b00$c20190521$lBLL01$h1447
=CAT  \\$aIPL-CLA$c20190630$lBLL01$h1549
=CAT  \\$aW1908-0780$b00$c20200730$lBLL01$h1333
=CAT  \\$a5552$b40$c20200819$lBLL01$h0922
=CAT  \\$aBATCH-UNOA$c20200825$lBLL01$h2105
=CAT  \\$a5552$b40$c20210824$lBLL01$h1406
=CAT  \\$aIPL-CLA$c20210930$lBLL01$h1529
=CAT  \\$aCDS21$c20220118$lBLL01$h1106
=CAT  \\$aBATCH-UPD$b00$c20221121$lBLL01$h1413
=CAT  \\$aIPL-CLA$c20221231$lBLL01$h1454
=CFI  0\$aCurrent copyright fee: GBP34.95$c22\1$e01-jan-2023$fGBP34.95$g0$hP$5Uk
=CFI  2\$aPrevious copyright fee: GBP43.00$c22\1$e01-oct-2021$fGBP43.00$g0$hP$5Uk
=FFP  \\$aY$bBLDSS-3PM
=MNI  \\$a2212-134X
=TOC  \\$aETOC
=UNO  \\$aY
=ACF  \\$aPrevious copyright fee: GBP22.50$c5\1$e07-apr-2016$fGBP22.50$g0$hP$5Uk
=ACF  \\$aPrevious copyright fee: GBP32.84$c5\1$e01-jul-2019$fGBP32.84$g0$hP$5Uk
=ACF  \\$aPrevious copyright fee: GBP23.40$c5\1$e01-jan-2018$fGBP23.40$g0$hP$5Uk
=ACF  \\$aPrevious copyright fee: GBP34.00$c22\1$e19-aug-2020$fGBP34.00$g0$hP$5Uk
=LAS  \\$aIPL-CLA$b00$c20221231$lBLL01$h1454

